<?xml version="1.0" encoding="UTF-8"?><record xmlns="http://www.loc.gov/MARC21/slim" xmlns:cinclude="http://apache.org/cocoon/include/1.0" xmlns:zs="http://www.loc.gov/zing/srw/">
  <leader>00536cz  a2200133n  4500</leader>
  <controlfield tag="001">n  81012587 </controlfield>
  <controlfield tag="003">DLC</controlfield>
  <controlfield tag="005">20090131075452.0</controlfield>
  <controlfield tag="008">810217n| acannaabn          |n ana     c</controlfield>
  <datafield tag="010" ind1=" " ind2=" ">
    <subfield code="a">n  81012587 </subfield>
  </datafield>
  <datafield tag="035" ind1=" " ind2=" ">
    <subfield code="a">(OCoLC)oca00558516</subfield>
  </datafield>
  <datafield tag="040" ind1=" " ind2=" ">
    <subfield code="a">DGPO</subfield>
    <subfield code="b">eng</subfield>
    <subfield code="c">DLC</subfield>
    <subfield code="d">OCoLC</subfield>
  </datafield>
  <datafield tag="110" ind1="1" ind2=" ">
    <subfield code="a">United States.</subfield>
    <subfield code="b">Employment and Training Administration.</subfield>
    <subfield code="b">Office of Management Assistance</subfield>
  </datafield>
  <datafield tag="670" ind1=" " ind2=" ">
    <subfield code="a">MATS, blueprint for action, 1980 (a.e.)</subfield>
    <subfield code="b">t.p. (Office of Management Assistance, Employment and Training Administration, U.S. Department of Labor, Washington, D.C.)</subfield>
  </datafield>
</record>